@article{vinyals2015order,
  title={Order matters: Sequence to sequence for sets},
  author={Vinyals, Oriol and Bengio, Samy and Kudlur, Manjunath},
  journal={arXiv preprint arXiv:1511.06391},
  year={2015}
}

@inproceedings{cui2018deep,
  title={Deep Attentive Sentence Ordering Network},
  author={Cui, Baiyun and Li, Yingming and Chen, Ming and Zhang, Zhongfei},
  booktitle={Proceedings of the 2018 Conference on Empirical Methods in Natural Language Processing},
  pages={4340--4349},
  year={2018}
}

@inproceedings{vinyals2015pointer,
  title={Pointer networks},
  author={Vinyals, Oriol and Fortunato, Meire and Jaitly, Navdeep},
  booktitle={Advances in Neural Information Processing Systems},
  pages={2692--2700},
  year={2015}
}

@inproceedings{qader2018generation,
  title={Generation of Company descriptions using concept-to-text and text-to-text deep models: dataset collection and systems evaluation},
  author={Qader, Raheel and Jneid, Khoder and Portet, Fran{\c{c}}ois and Labb{\'e}, Cyril},
  booktitle={Proceedings of the 11th International Conference on Natural Language Generation},
  pages={254--263},
  year={2018}
}